  @Article{SurveyCS,
  author = {Sahar Alatawi; Areej Alhasani; Shahad Alfaidi; Moudi Albalawi; Saad M Almutairil},
  title =  {A Survey on Cloud Security Issues and Solution },
  journal = {International Conference on Computing and Information Technology},
  year =   {2020},
  }
  
  @Article{CSOver,
  author = {Paul Prantosh; P. S. Aithal},
  title =  {Cloud Security: An Overview and Current Trend},
  journal = {International Journal of Applied Engineering and Management Letters (IJAEML)},
  year =   {2019},
  }
  
  @Article{FortinetCS,
  author = {Holger Schülze; Fortinet},
  title = {Cloud-Sicherheit 2023},
  journal = {Cybersecurity Insiders},
  year={2023},
  }
  
@Article{CloudArticle,
  title={A user perspective overview of the top infrastructure as a service and high performance computing cloud service providers},
  author={Rawan Aljama; Ali El-Mousa; Fahed Jubair},
  journal = {IEEE 2019 IEEE Jordan International Joint Conference on Electrical Engineering and Information Technology (JEEIT)},
  year={2019},
}
  
  @Articlel{ArtikelCyberattack,
  author =       {Günther Born},
  title =       { Studie: Ursprung von 50\% aller Cyberangriffe ist die Cloud},
  date = {2023-12-10},
   url     = {https://www.borncity.com/blog/2023/12/10/studie-ursprung-von-50-aller-cyberangriffe-ist-die-cloud/},
  urldate = {2023-12-20}
}
  
 @Article{IaaSSaaSPaaS,
  author  = {Intel},
  title   = {IaaS vs. PaaS vs. SaaS: Überblick über das Cloud-Service-Modell},
  date    = {2022-01-01},
  url     = {https://www.intel.de/content/www/de/de/cloud-computing/as-a-service.html},
  urldate = {2023-12-20},
}

  @Articlel{CrowdStrike1,
  author ={Crowdstrike},
  title =       {DIE TOP 6 DER CLOUD-SCHWACHSTELLEN},
  date = {2022-11-17},
   url     = {https://www.crowdstrike.de/cybersecurity-101/cloud-security/cloud-vulnerabilities/},
  urldate = {2023-12-20}
}

@Articlel{CrowdStrike2,
  author = {Crowdstricke},
  title =       {WAS IST EIN MAN-IN-THE-MIDDLE-ANGRIFF?},
  date = {2022-01-13},
   url     = {https://www.crowdstrike.de/cybersecurity-101/man-in-the-middle-mitm-attacks/},
  urldate = {2023-12-20}
}

@Articlel{zscalerPhish,
  author = {zscaler},
  title =       {Phishing-Report 2023},
  date = {2023-04-18},
   url     = {https://www.zscaler.de/blogs/security-research/2023-phishing-report-reveals-47-2-surge-phishing-attacks-last-year},
  urldate = {2023-12-23}
}

  @Articlel{statistaRansomware,
  author =       {statista},
  title =       {Annual share of organizations affected by ransomware attacks worldwide from 2018 to 2023},
  date = {2023-10-23},
   url     = {https://www.statista.com/statistics/204457/businesses-ransomware-attack-rate/},
  urldate = {2023-12-23}
}
 
 @Article{IBMPhish,
  author  = {IBM},
  title   = {Was ist Phishing?},
  date    = {2023-01-01},
  url     = {https://www.ibm.com/de-de/topics/phishing},
  urldate = {2023-12-23},
}

 @Article{IBMSocialEngin,
  author  = {IBM},
  title   = {Was ist Social Engineering?},
  date    = {2023-01-01},
  url     = {https://www.ibm.com/de-de/topics/social-engineering},
  urldate = {2023-12-23},
}

 @Article{TrojanerBSI,
  author  = {Bundesamt für Sicherheit in der Informationstechnik},
  title   = {Trojaner – wie erkenne ich getarnte Schadprogramme?},
  date    = {2023-01-01},
  url     = {https://www.ibm.com/de-de/topics/social-engineering},
  urldate = {2024-01-26},
}

 @Article{IBMRansomware,
  author  = {IBM},
  title   = {Was ist Social Ransomware?},
  date    = {2023-01-01},
  url     = {https://www.ibm.com/de-de/topics/ransomware},
  urldate = {2023-12-23},
}

@Article{impervaMITM,
  author  = {imperva},
  title   = {Man in the middle (MITM) Attack},
  date    = {2023-01-01},
  url     = {https://www.imperva.com/learn/application-security/man-in-the-middle-attack-mitm/},
  urldate = {2023-12-28},
}
@Article{SpearPhishDef,
  author  = {IT-Service.Network},
  title   = {Spear Phishing-Definition},
  date    = {2023-01-01},
  url     = {https://it-service.network/it-lexikon/spear-phishing},
  urldate = {2023-12-28},
}

@Article{SpearPhishPaper,
  title={Spear-Phishing in the Wild: A Real-World Study of Personalöity, Phishing Self-efficacy and Vulnerability to Spear-Phishing Attacks},
  author={Tzipora Helvi; Nasir Memon; Oded Nov},
  journal = {SSRN Electronic Journal},
  year={2015},
}
@Article{BECPaper,
  title={Something Phish-y is Going On Here: A Teaching Case on Business Email Compromise},
  author={Kathleen M. Bakarich; Devon Baranek},
  journal = {American Accounting Association},
  year={2019},
}

@Article{CloudRes,
  author  = {Bundesamt für Sicherheit in der Informationstechnik},
  title   = {Wofür brauche ich eine Cloud},
  date    = {2023-01-01},
  url     = {https://www.bsi.bund.de/DE/Themen/Verbraucherinnen-und-Verbraucher/Informationen-und-Empfehlungen/Cloud-Computing-Sicherheits\-tipps/cloud-computing-verbraucher\_node.html},
  urldate = {2024-02-08},
}

@Article{IaaSIBM,
  author  = {IBM},
  title   = {Was ist Iaas(Infrastructure as a Service)?},
  date    = {2023-01-01},
  url     = {https://www.ibm.com/de-de/topics/iaas},
  urldate = {2023-12-29},
}

@Article{PaaSMicrosoft,
  author  = {Microsoft},
  title   = {Was ist PaaS?},
  date    = {2023-01-01},
  url     = {https://azure.microsoft.com/de-de/resources/cloud-computing-dictionary/what-is-paas},
  urldate = {2023-12-29},
}


@Article{SaaSOracle,
  author  = {Oracle},
  title   = {Was ist SaaS(Software as a Service)?},
  date    = {2023-01-01},
  url     = {https://www.oracle.com/de/applications/what-is-saas},
  urldate = {2023-12-29},
}


  @Article{RansomwarePaper,
  author = {Steve Mansfield-Devine},
  title =  {Ransomware: taking businesses hostage},
  journal = {Elsevier Sci\-ence},
  year =   {2016},
  }
  
  @Article{IPSpoofPaper,
  title={A Two-Way Approach for Detection and Prevention of IP Spoofing Attacks},
  author={K. Vijayakumar; Achyut Rai; G. Senthil Kumar; T.S. Shiny Angel; N. Snehalatha},
  journal = {American Institute of Physics},
  year={2020},
}

@Article{IPSpoofingCF,
  author  = {Cloudfare},
  title   = {Was ist IP-Spoofing?},
  date    = {2023-01-01},
  url     = {https://www.cloudflare.com/de-de/learning/ddos/glossary/ip-spoofing/},
  urldate = {2023-12-30},
}

@Article{IPSpoofingexpert,
  author  = {EXPERT.de},
  title   = {Man-in-the-Middle-Angriffe: Was ist das – und wie schütze ich mich davor?},
  date    = {2023-01-01},
  url     = {https://www.experte.de/it-sicherheit/man-in-the-middle},
  urldate = {2023-12-30},
}

@Article{IPSpoofingkaspersky,
  author  = {kaspersky},
  title   = {Was ist Spoofing?},
  date    = {2023-01-01},
  url     = {https://www.kaspersky.de/resource-center/definitions/ip-and-email-spoofing},
  urldate = {2023-12-30},
}


@Article{IPSpoofingavast,
  author  = {Avast},
  title   = {Was ist Spoofing und wie lässt es sich verhindern?},
  date    = {2023-01-01},
  url     = {https://www.avast.com/de-de/c-spoofing},
  urldate = {2023-12-30},
}


@Article{CachePoisoning,
  author  = {IT-Service.Network},
  title   = {Was ist Cache Poisoning?},
  date    = {2023-01-01},
  url     = {https://it-service.network/it-lexikon/cache-poisoning},
  urldate = {2023-12-30},
}


@Article{DDoSAkamai,
  author  = {Akamai},
  title   = {Bedeutung von DDoS-Angriffen},
  date    = {2023-01-01},
  url     = {https://www.akamai.com/de/glossary/what-is-ddos},
  urldate = {2023-12-30},
}
@Article{DDoSFortinet,
  author  = {Fortinet},
  title   = {Was ist der Unterschied von Denial of Service (DoS) vs. DDoS},
  date    = {2023-01-01},
  url     = {https://www.fortinet.com/de/resources/cyberglossary/dos-vs-ddos},
  urldate = {2023-12-30},
}
@Article{DDoSradware,
  author  = {radware},
  title   = {Was ist ein DDoS-Angriff},
  date    = {2023-01-01},
  url     = {https://de.radware.com/cyberpedia/ddospedia/ddos-meaning-what-is-ddos-attack/},
  urldate = {2023-12-30},
}

  @Article{MalwarePaper,
  title={A Survey on Malware Detection Using Data Mining Techniques},
  author={Yanfang Ye; Tao Li; Donald Adjeroh; S. Sitharama Iyengar},
  journal = {American Institute of Physics},
  year={2017},
}
@Article{VirenDefinition,
  author  = {IT-Service.Network},
  title   = {Was ist ein Computervirus?},
  date    = {2023-01-01},
  url     = {https://it-service.network/it-lexikon/computervirus},
  urldate = {2023-12-31},
}
@Article{TrojanerDefinition,
  author  = {Kaspersky},
  title   = {Was ist ein Trojaner? – Definition und Erläuterung?},
  date    = {2023-01-01},
  url     = {https://www.kaspersky.de/resource-center/threats/trojans},
  urldate = {2023-12-31},
}
@Article{MicrosoftMasterKey,
  author  = {Thomas Joos; Security Insider},
  title   = {Gestohlener Master-Key von Microsoft},
  date    = {2023-09-12},
  url     = {https://www.security-insider.de/gestohlener-master-key-von-microsoft-a-e13eabefaeb7354292ddd63dfae063d0/},
  urldate = {2024-01-03},
}

  @Article{BOYDPaper1,
  title={Bring Your Own Device (BYOD) in Higher Education: Opportunities and Challenges},
  author={Rahat Afreen},
  journal = {International Journal of Emerging Trends \& Technology in Computer Science (IJETTCS)},
  year={2014},
}

  @Article{BOYDPaper2,
  title={BYOD: An Examination Of Bring Your Own Device In Business},
  author={Ph.D Chris Rose},
  journal = {International Journal of Emerging Trends \& Technology in Computer Science (IJETTCS)},
  year={2013},
}

@Article{BOYDPaper3,
  title={Security Issues with Mobile IT: A Narrative Review of Bring Your Own Device (BYOD). },
  author={Felix C. Aguboshim; Joy. I. Udobi},
  journal = {Journal of Information Engineering and Applications},
  year={2019},
}

@Article{ZeroTrustPaper1,
  title={Theory and Application of Zero Trust Security: A Brief Survey},
  author={Hongzhaoning Kang; Gang Liu; Quan Wang; Lei Meng; Jing Liu},
  journal = {Multidisciplinary Digital Publishing Institute},
  year={2023},
}
@Article{ZeroTrustPaper2,
  title={An Implementation Method of Zero-trust Architecture},
  author={Tao Chuan; Yao Lv; Zhenfei Qi; Linjiang Xie; Wei Guo},
  journal = {Journal of Physics},
  year={2020},
}

@Article{IDS,
  author  = {Ben Cole},
  title   = {Intrusion Detection Syste (IDS)},
  date    = {2023-01-01},
  url     = {https://www.computerweekly.com/de/definition/Intrusion-Detection-System-IDS},
  urldate = {2024-01-05},
}

@Article{ZeroTrustPaper3,
  title={A Survey on Zero Trust Architecture: Challenges and Future Trends},
  author={Yuanhang He; Daochao Huan; Lei Cheng; Yi Ni; Xiangjie Ma},
  journal = {Wireless Communications and Mobile Computing},
  year={2022},
}

@Article{IOTPaper,
  title={Internet of Things-IOT: Definition, Characteristics, Architecture, Enabling Technologies, Application \& Future Challenges},
  author={Keyur K Patel; Sunil M Patel},
  journal = {International Journal of Engineering Science and Computing},
  year={2016},
}
@Article{TelecommutingDef,
  author  = {indeed},
  title   = {Q\&A: What is Telecommuting?},
  date    = {2023-01-01},
  url     = {https://www.indeed.com/career-advice/finding-a-job/what-is-telecommuting},
  urldate = {2024-01-07},
}

@Article{ZeroTrustPaper4,
  title={Migrating to Zero Trust Architecture: Reviews and Challenges},
  author={Songpon Teerakanok; Tetsutaro Uehara; Atsuo Inomata},
  journal = {Security and Communication Networks},
  year={2021},
}

@Article{MFAPaper,
  title={Multi-factor authentication. An extended overview},
  author={Matei-Dimitrie; TITA},
  journal = {Romanian Cyber Security Journal},
  year={2019},
}

@article{FirewallPaper1,
title = {An Architecture to Manage Performance and Reliability on Hybrid Cloud-Based Firewalling},
author = {Fouad Guenane; Hajer Boujezza; Michelle Nogueira; Guy Pujolle},
journal = {Frontiers in Computing and Intelligent Systems},
year = {2022},
}

@article{FirewallPaper2,
title = {Research on firewall technology and its application in computer network security strategy},
author = {Peihong Wang},
journal = {Frontiers in Computing and Intelligent Systems},
year = {2022},
}

@article{OSIPaper,
title = {Das ISO-OSI-Modell},
author = {Alexander Prosser},
journal = {Springer Verlag},
year = {1993},
}

@Article{FortinetFirewall,
  author  = {Fortinet},
  title   = {Diese Unterschiede zwischen WAF und einer Firewall sollten Sie kennen},
  date    = {2023-01-01},
  url     = {https://www.fortinet.com/de/resources/cyberglossary/waf-vs-firewall},
  urldate = {2024-01-08},
}

@Article{datenstandar,
  author  = {Versa Commerce},
  title   = {Datenstandartisierung},
  date    = {2024-01-01},
  url     = {https://www.versacommerce.de/glossar/datenstandardisierung},
  urldate = {2024-01-27},
}

@article{EndpointSecurityPaper1,
title = {Endpoint Protection: Measuring the effectiveness of remediation technologies and methodologies forinsider threat},
author = {Sonali Chandel; Sun Yu; Tang Yitian; Zhou Zhili; Huang Yusheng},
journal = {ResearchGate},
year = {2019},
}

@article{EndpointSecurityPaper2,
title = {A Comprehensive Review of Endpoint Security: Threats and Defenses},
author = {Sadia Ismat; Joseph C. Brickley; Alvin Liu; Kutub Thakur},
journal = {IEEE},
year = {2012},
}

@Article{AuthentixArticle,
  author  = {Authentix},
  title   = {Was bedeutet Endpoint Protection?},
  date    = {2023-01-01},
  url     = {https://www.authentix.ch/blog/was-bedeutet-endpoint-protection},
  urldate = {2024-01-09},
}

@Article{AccessControlPaper1,
AUTHOR = { A. S. M. Kayes; Rudri Kalaria; Iqbal H. Sarker;  Md. Saiful Islam Paul A. Watters; Alex Ng Mohammad Hammoudeh; Shahriar Badsha; Indika Kumara},
TITLE = {A Survey of Context-Aware Access Control Mechanisms for Cloud and Fog Networks: Taxonomy and Open Research Issues},
JOURNAL = {Sensors},
YEAR = {2020},
}

@Article{AccessControlPaper2,
AUTHOR = {Maria Penelova},
TITLE = {Access Control Models},
JOURNAL = {ResearchGate},
YEAR = {2021},
}

@Article{AccessControlPaper3,
AUTHOR = {Kai Rannenberg},
TITLE = {Die Trusted Computer System Evaluation Criteria (TCSEC)s},
JOURNAL = {Springer Link},
YEAR = {1998},
}

@Article{CitrixArticle,
  author  = {citrix},
  title   = {What is access control?},
  date    = {2023-01-01},
  url     = {https://www.citrix.com/solutions/secure-access/what-is-access-control.html},
  urldate = {2024-01-10},
}

@Article{DataGovernancePaper1,
AUTHOR = {Ali Al-Badi; Ali Tarhini; Asharul Islam Khan},
TITLE = {Exploring Big Data Governance Frameworks},
JOURNAL = {ScienceDirect},
YEAR = {2018}
}

@Article{DataGovernancePaper2,
AUTHOR = {Rene Abraham; Johannes Schneider; Jan vom Brocke},
TITLE = {Data governance: A conceptual framework, structured review, and research agenda},
JOURNAL = {ScienceDirect},
YEAR = {2019}
}

@Article{SOCPaper1,
AUTHOR = {Manfred Vielberth; Fabian Böhm; Ines Fichtinger; Günther Pernul},
TITLE = {Security Operations Center: A Systematic Study and Open Challenges},
JOURNAL = {IEEE},
YEAR = {2020}
}

@Article{SOCPaper2,
AUTHOR = {Deepesh Shahjee; Nilesh Ware},
TITLE = {Integrated Network and Security Operation Center: A Systematic Analysis},
JOURNAL = {IEEE},
YEAR = {2020}
}

@Article{SOCArticle,
  author  = {Stefan Luber; Peter Schmitz},
  title   = {Was ist ein Security Operations Center (SOC)?},
  date    = {2017-06-22},
  url     = {https://www.security-insider.de/was-ist-ein-security-operations-center-soc-a-617980/},
  urldate = {2024-01-11},
}
@Article{SOCPaper3,
AUTHOR = {Mircea Prodan; Adriana Prodan; Anca Alecandra Purcarea},
TITLE = {Three New Dimensions to People, Process, Technology Improvement Model},
JOURNAL = {ResearcherGate},
YEAR = {2015}
}

@Article{SIEMPaper1,
AUTHOR = {Gustavo González-Granadillo; Susana Gonzáles-Zarzosa},
TITLE = {Security Information and Event Management (SIEM): Analysis, Trends, and Usage in Critical Infrastructures},
JOURNAL = {MDPI},
YEAR = {2021}
}

@Article{SIEMPaper2,
AUTHOR = {Mihan Jhaveri; Viral Parmar},
TITLE = {Cloud Security Information \& Event Management},
JOURNAL = {SSRN},
YEAR = {2023}
}

@Article{AIPaper1,
AUTHOR = {Michael C. Horowitz; Gregory C. Allen; Edoardo Saravalle; Anthony Cho;  Kara Frederick; Paul Scharre},
TITLE = {Artificial Intelligence and International Security},
JOURNAL = {Cente for a New American Security},
YEAR = {2018}
}

@Article{AIPaper2,
AUTHOR = {Sina Ahmadi},
TITLE = {Next Generation AI-Based Firewalls: A Comparative},
JOURNAL = {International Journal of Computer},
YEAR = {2024}
}
@Article{AIPaper3,
AUTHOR = {Guillermo Suarez; Esther Palomar; Arturo Ribagorda; Yan Zhangi},
TITLE = {TOWARDS AN INTELLIGENT SECURITY EVENT INFORMATION MANAGEMENT SYSTEM},
JOURNAL = {Google Scholar},
YEAR = {2014}
}

@Article{AIPaper4,
AUTHOR = {Yupen Chang; Xu Wang; Jidong Wang; Yuan Wu; Linyi Yang; Kaijie Zhu; Hao Chen; Xiaoyuan Yi; Cunxiang Wang; Yidong Wang; Wei Ye; Yue Zhang; Yi Chang; Philip S. Yu; Qiang Yang; Xing Xie},
TITLE = {A Survey on Evaluation of Large Language Models},
JOURNAL = {ACM Transactions on Intelligent Systems and Technology},
YEAR = {2023},
}

@Article{AIPaper5,
AUTHOR = {Humza Naveed; Asad Ullah Kan; Shi Qui; Muhammad Saqib; Saeed Anware; Muhammad Usman; Naveed Akhtar; Nick Barnes; Ajmal Mian},
TITLE = {A Comprehensive Overview of Large Language Models},
archivePrefix = {arXiv},
YEAR = {2023},
}

@Article{MicrosoftCopilot1,
  author  = {Microsoft},
  title   = {Microsoft Security Copilot},
  date    = {2023-01-01},
  url     = {https://www.microsoft.com/de-de/security/business/ai-machine-learning/microsoft-security-copilot},
  urldate = {2024-01-11},
}


@Article{MicrosoftCopilot2,
  author  = {Microsoft},
  title   = {Security Copilot Resources},
  date    = {2023-01-01},
  url     = {https://microsoft.github.io/PartnerResources/skilling/microsoft-security-academy/microsoft-security-copilot},
  urldate = {2024-01-11},
}

@Article{MicrosoftCopilot3,
  author  = {Microsoft},
  title   = {Introducing Microsoft Security Copilot: Empowering defenders at the speed of AI},
  date    = {2023-03-28},
  url     = {https://blogs.microsoft.com/blog/2023/03/28/introducing-microsoft-security-copilot-empowering-defenders-at-the-speed-of-ai/},
  urldate = {2024-01-12},
}

@Article{RTLOArticle,
  author  = {Chenny Ren},
  title   = {Decoding RTLO in Hacking: How to Detect and Defend Against Right-to-Left Override},
  date    = {2023-10-26},
  url     = {https://chennylmf.medium.com/decoding-rtlo-in-hacking-how-to-detect-and-defend-against-right-to-left-override-cdde20788871},
  urldate = {2024-01-12},
}

@Article{httpSPaper,
AUTHOR = {Krishna Vamsi; Vamsi Madasu; Tarik Eltaeib},
TITLE = {Web authentication and authorization and Role of HTTP, HTTPS Protocol in Networking},
JOURNAL = {ResearchGate},
YEAR = {2015},
}

@Article{PCloudArticle,
  author  = {Peter Schmitz},
  title   = {Angriffsarten und Angreifertypen in Cloud-Computing-Systemen},
  date    = {2023-03-11},
  url     = {https://www.security-insider.de/angriffsarten-und-angreifertypen-in-cloud-computing-systemen-a-254228/},
  urldate = {2024-01-13},
}

@Article{m2GuardArticle,
  author  = {m2Guard},
  title   = {Risiken bei \glqq Bring Your Own Device\grqq (BYOD)},
  date    = {2023-01-01},
  url     = {https://www.m2guard.de/bring-your-own-device-risiken-byod.html},
  urldate = {2024-01-13},
}

@Article{ZscalerMain,
  author  = {zscaler},
  title   = {Lösungsbereiche},
  date    = {2023-01-01},
  url     = {https://www.zscaler.de/experience},
  urldate = {2024-01-16},
}

@Article{zscalerZIA,
  author  = {zscaler},
  title   = {Sicherer Zugriff auf Internet und SaaS},
  date    = {2023-01-01},
  url     = {https://www.zscaler.de/products/zscaler-internet-access},
  urldate = {2024-01-17},
}

@Article{CASBSecInside,
  author  = {Dipl.-Ing. Stefan Luber},
  title   = {Was ist ein Cloud Access Security Broker (CASB)?},
  date    = {2017-26-07},
  url     = {https://www.security-insider.de/was-ist-ein-cloud-access-security-broker-casb-a-627324/},
  urldate = {2024-01-17},
}


@Article{AvantecZIA,
  author  = {Avantec},
  title   = {Zscaler Internet Access – Schutz vor Web-Bedrohungen unabhängig von Standort und Endgerät},
  date    = {2023-01-01},
  url     = {https://www.avantec.ch/loesungen/zscaler/zscaler-secure-internet-access/},
  urldate = {2024-01-17},
}

@Article{SandboxPaper,
AUTHOR = {Zhaoyan Xu; Tongbo Luo},
TITLE = {Cloud-Native Sandboxes for Microservices: Understanding New Threats and Attacks},
JOURNAL = {Black Hat Briefings},
YEAR = {2020},
}

@Article{NextGenFirewallPaper,
AUTHOR = {A. Shaji George; A.s Hovan George},
TITLE = {A Brief Study on The Evolution of Next Generation Firewall and Web Application Firewall},
JOURNAL = {ResearchGate},
YEAR = {2021},
}

@Article{DLPPaper,
AUTHOR = {Ali Kingston Mwila},
TITLE = {Data Loss Prevention},
JOURNAL = {ResearchGate},
YEAR = {2019},
}

@Article{BrowserisolationCloudflare,
  author  = {Cloudflare},
  title   = {Was versteht man unter Browserisolierung?},
  date    = {2023-01-01},
  url     = {https://www.cloudflare.com/de-de/learning/access-management/what-is-browser-isolation/},
  urldate = {2024-01-17},
}

@Article{ZscalerProfil,
AUTHOR = {zscaler},
TITLE = {Ermöglichen Sie ein produktives und sicheres Arbeiten im Homeoffice},
YEAR = {2020},
}

@Article{ZPAMain,
  author  = {zscaler},
  title   = {Sicherer Zugriff auf private Unternehmensanwendungen},
  date    = {2023-01-01},
  url     = {https://www.zscaler.de/products/zscaler-private-access},
  urldate = {2024-01-18},
}

@Article{MFAGithub,
  author  = {Microsoft},
  title   = {Azure Sentinel-Repository},
  date    = {2023-01-01},
  url     = {https://github.com/Azure/Azure-Sentinel},
  urldate = {2024-01-18},
}

@Article{MicrosoftSentinel,
  author  = {Microsoft},
  title   = {Was ist Microsoft Sentinel?},
  date    = {2023-03-16},
  url     = {https://learn.microsoft.com/de-de/azure/sentinel/overview},
  urldate = {2024-01-18},
}

@Article{ZDXMain,
  author  = {zscaler},
  title   = {What Is Zscaler Digital Experience?},
  date    = {2023-01-01},
  url     = {https://help.zscaler.com/zdx/what-is-zscaler-digital-experience},
  urldate = {2024-01-18},
}

@Article{ZCCMain,
  author  = {zscaler},
  title   = {Zscaler Client Connector},
  date    = {2023-01-01},
  url     = {https://www.zscaler.de/platform/zscaler-client-connector},
  urldate = {2024-01-18},
}

@Article{ZscalerZCC,
  author  = {zscaler},
  title   = {What Is Zscaler Client Connector?},
  date    = {2023-01-01},
  url     = {https://help.zscaler.com/client-connector/what-is-zscaler-client-connector},
  urldate = {2024-01-18},
}

@Article{PIMMicrosoft,
  author  = {Microsoft},
  title   = {Was ist Microsoft Entra Privileged Identity Management?},
  date    = {2023-10-29},
  url     =  {https://learn.microsoft.com/de-de/entra/id-governance/privileged-identity-management/pim-configure},
  urldate = {2024-01-19},
}

@Article{EntraMicrosoft,
  author  = {Microsoft},
  title   = {Was ist Microsoft Entra ID?},
  date    = {2023-10-25},
  url     =  {https://learn.microsoft.com/de-de/entra/fundamentals/whatis},
  urldate = {2024-01-19},
}

@Article{RBACMicrosoft,
  author  = {Microsoft},
  title   = {Bewährte Methoden für Azure RBAC},
  date    = {2023-11-29},
  url     =  {https://learn.microsoft.com/de-de/azure/role-based-access-control/best-practices},
  urldate = {2024-01-19},
}

@Article{PurviewMicrosoft,
  author  = {Microsoft},
  title   = {Was ist Microsoft Purview?},
  date    = {2023-07-21},
  url     =  {https://learn.microsoft.com/de-de/purview/purview},
  urldate = {2024-01-20},
}

@Article{SentinelMicrosoft1,
  author  = {Microsoft},
  title   = {Was ist Microsoft Sentinel?},
  date    = {2023-03-16},
  url     =  {https://learn.microsoft.com/de-de/azure/sentinel/overview},
  urldate = {2024-01-21},
}

@Article{SentinelMicrosoft2,
  author  = {Microsoft},
  title   = {Untersuchen Sie Vorfälle mit Microsoft Sentinel},
  date    = {2023-06-01},
  url     =  {https://learn.microsoft.com/de-de/azure/sentinel/investigate-cases},
  urldate = {2024-01-21},
}

@Article{CylanceMicrosoft,
  author  = {Microsoft},
  title   = {Blackberry CylancePROTECT-Connector für Microsoft Sentinel},
  date    = {2023-09-12},
  url     =  {https://learn.microsoft.com/de-de/azure/sentinel/data-connectors/blackberry-cylanceprotect},
  urldate = {2024-01-21},
}

@Article{SentinelMicrosoft3,
  author  = {Microsoft},
  title   = {Kusto-Abfragesprache in Microsoft Sentinel},
  date    = {2023-05-24},
  url     =  {https://learn.microsoft.com/de-de/azure/sentinel/kusto-overview},
  urldate = {2024-01-21},
}

@Article{SentinelMicrosoft4,
  author  = {Microsoft},
  title   = {Sicherheitsorchestrierung, Automatisierung und Reaktion (Security Orchestration, Automation and Response, SOAR) in Microsoft Sentinel},
  date    = {2023-06-01},
  url     =  {https://learn.microsoft.com/de-de/azure/sentinel/automation\#playbooks},
  urldate = {2024-01-21},
}

@Article{Bloodhound,
  author  = {Bloodhound},
  title   = {Bloodhound},
  date    = {2016-01-01},
  url     =  {https://github.com/BloodHoundAD/BloodHound},
  urldate = {2024-01-21},
}

@Article{AsanaWorkflow,
  author  = {Julia Martins},
  title   = {Was ist ein Workflow?},
  date    = {2023-11-03},
  url     =  {https://asana.com/de/resources/workflow-examples},
  urldate = {2024-01-21},
}

@Article{DefenderMicrosoft1,
  author  = {Microsoft},
  title   = {Integrieren von Windows-Servern in den Microsoft Defender for Endpoint-Dienst},
  date    = {2023-07-12},
  url     =  {https://learn.microsoft.com/de-de/microsoft-365/security/defender-endpoint/configure-server-endpoints?view=o365-worldwide},
  urldate = {2024-01-22},
}

@Article{DefenderMicrosoft2,
  author  = {Microsoft},
  title   = {Was ist Microsoft Defender XDR?},
  date    = {2023-11-16},
  url     =  {https://learn.microsoft.com/de-de/microsoft-365/security/defender/microsoft-365-defender?view=o365-worldwide},
  urldate = {2024-01-22},
}

@Article{DefenderMicrosoft3,
  author  = {Microsoft},
  title   = {Microsoft Defender für Endpunkt},
  date    = {2023-01-19},
  url     =  {https://learn.microsoft.com/de-de/microsoft-365/security/defender-endpoint/microsoft-defender-endpoint?view=o365-worldwide},
  urldate = {2024-01-22},
}

@Article{DefenderMicrosoft4,
  author  = {Microsoft},
  title   = {Verbinden Daten von Microsoft Defender XDR zu Microsoft Sentinel},
  date    = {2023-09-12},
  url     =  {https://learn.microsoft.com/de-de/azure/sentinel/connect-microsoft-365-defender?tabs=MDE},
  urldate = {2024-01-22},
}

@Article{EntraCon,
  author  = {Microsoft},
  title   = {Verbinden von Microsoft Entra-Daten mit Microsoft Sentinel},
  date    = {2023-10-23},
  url     =  {https://learn.microsoft.com/de-de/azure/sentinel/connect-azure-active-directory},
  urldate = {2024-02-02},
}

@Article{CylanceProtect,
  author  = {BlackBerry},
  title   = {CylancePROTECT},
  date    = {2023-01-01},
  url     =  {https://www.blackberry.com/de/de/products/cylance-endpoint-security/cylance-protect},
  urldate = {2024-01-22},
}

@Article{CylanceConnector,
  author  = {Microsoft},
  title   = {Blackberry CylancePROTECT-Connector für Microsoft Sentinel},
  date    = {2023-09-12},
  url     =  {https://learn.microsoft.com/de-de/azure/sentinel/data-connectors/blackberry-cylanceprotect},
  urldate = {2024-01-22},
}

@Article{PostExploit,
  author  = {rapid7},
  title   = {About Post-Exploitation},
  date    = {2023-01-01},
  url     =  {https://docs.rapid7.com/metasploit/about-post-exploitation},
  urldate = {2024-01-24},
}

@Article{LatMoveCrowdstrike,
  author  = {Bart Lenaerts-Bergans},
  title   = {LATERAL MOVEMENT},
  date    = {2023-04-17},
  url     =  {https://www.crowdstrike.com/cybersecurity-101/lateral-movement/},
  urldate = {2024-01-22},
}
@Article{Multistage,
  author  = {Microsoft},
  title   = {Advanced multistage attack detection in Microsoft Sentinel},
  date    = {2023-10-12},
  url     =  {https://learn.microsoft.com/en-us/azure/sentinel/fusion},
  urldate = {2024-01-23},
}

@Article{vigorf,
  author  = {trendmicro},
  title   = {Trojan.Win32.VIGORF.C},
  date    = {2019-10-21},
  url     =  {https://www.trendmicro.com/vinfo/de/threat-encyclopedia/malware/trojan.win32.vigorf.c},
  urldate = {2024-01-23},
}

@Article{vigorf,
  author  = {trendmicro},
  title   = {Trojan.Win32.VIGORF.C},
  date    = {2019-10-21},
  url     =  {https://www.trendmicro.com/vinfo/de/threat-encyclopedia/malware/trojan.win32.vigorf.c},
  urldate = {2024-01-23},
}

@Article{LeibnizVirusTotal,
  author  = {Leibniz Universität IT Services},
  title   = {Hinweise zur Nutzung von Virustotal},
  date    = {2019-07-18},
  url     =  {https://www.luis.uni-hannover.de/de/services/it-sicherheit/praevention/virustotal},
  urldate = {2024-01-23},
}

@Article{EntraIDSignIn,
  author  = {Leibniz Universität IT Services},
  title   = {What are Microsoft Entra sign-in logs?},
  date    = {2019-12-15},
  url     =  {https://learn.microsoft.com/en-us/entra/identity/monitoring-health/concept-sign-ins},
  urldate = {2024-01-23},
}

@Article{IntuneSignIn,
  author  = {Jitesh Kumar; How TO Manage Devices},
  title   = {Sign-in Activity Reports in Intune portal | Endpoint Manager},
  date    = {2024-01-01},
  url     =  {https://howtomanagedevices.com/intune/5426/sign-in-activity-reports-in-intune-portal/},
  urldate = {2024-01-23},
}

@Article{virustotal,
  url     =  {https://www.virustotal.com/gui/home/upload},
  urldate = {2024-01-23},
}

@Article{Scan1,
  author  = {Microsoft},
  title   = {Configure and run on-demand Microsoft Defender Antivirus scans},
  date    = {2024-12-15},
  url     =  {https://learn.microsoft.com/en-us/microsoft-365/security/defender-endpoint/run-scan-microsoft-defender-antivirus?view=o365-worldwide},
  urldate = {2024-01-23},
}

@Article{Intune,
  author  = {Microsoft},
  title   = {Microsoft Intune verwaltet Identitäten sicher, verwaltet Apps und Geräte.},
  date    = {2024-01-10},
  url     =  {https://learn.microsoft.com/de-de/mem/intune/fundamentals/what-is-intune},
  urldate = {2024-01-23},
}

@Article{Bloodhound,
  author  = {OffSec Services},
  title   = {bloodhound},
  date    = {2023-11-20},
  url     =  {https://www.kali.org/tools/bloodhound/},
  urldate = {2024-01-24},
}

@Article{Sharphound,
  author  = {Specter Ops Inc},
  title   = {Sharphound},
  date    = {2023-01-01},
  url     =  {https://bloodhound.readthedocs.io/en/latest/data-collection/sharphound.html},
  urldate = {2024-01-24},
}

@Article{Def,
  author  = {Microsoft},
  title   = {Stopping Active Directory attacks and other post-exploitation behavior with AMSI and machine learning},
  date    = {2020-08-27},
  url     =  {https://www.microsoft.com/en-us/security/blog/2020/08/27/stopping-active-directory-attacks-and-other-post-exploitation-behavior-with-amsi-and-machine-learning/},
  urldate = {2024-01-24},
}

@Article{Sen,
  author  = {Microsoft},
  title   = {Microsoft Defender XDR-Integration in Microsoft Sentinel},
  date    = {2023-12-09},
  url     =  {https://learn.microsoft.com/de-de/azure/sentinel/microsoft-365-defender-sentinel-integration},
  urldate = {2024-01-24},
}

@Article{DNSCloudflare,
  author  = {Cloudflare},
  title   = {Was ist DNS? | Funktionsweise von DNS},
  date    = {2023-01-01},
  url     =  {https://www.cloudflare.com/de-de/learning/dns/what-is-dns/},
  urldate = {2024-02-07},
}

@article{DNSPaper,
author = {Lioy, Antonio and Maino, Fabio and Marian, Marius and Mazzocchi, Daniele},
year = {2001},
title = {DNS security},
JOURNAL = {ResearchGate},
}

@Article{DNSSecInfoblox1,
  author  = {infoblox},
  title   = {INFOBLOX DNS SECURITY RESOURCE CENTER},
  date    = {2023-01-01},
  url     =  {https://www.infoblox.com/dns-security-resource-center/},
  urldate = {2024-02-07},
}

@Article{DNSSecInfoblox2,
  author  = {infoblox},
  title   = {WHAT IS THE PURPOSE OF DNSSEC?},
  date    = {2023-01-01},
  url     =  {https://www.infoblox.com/dns-security-resource-center/dns-security-faq/what-is-the-purpose-of-dnssec/},
  urldate = {2024-02-07},
}

@Article{PhishingInsider,
  author  = {Al Lakhani},
  title   = {Wie sicher ist Multi-Faktor-Authentifizierung wirklich?},
  date    = {2023-03-15},
  url     =  {https://www.security-insider.de/wie-sicher-ist-multi-faktor-authentifizierung-wirklich-a-4f9ea0b2a4217b49cffdbb5cef91f798/},
  urldate = {2024-02-08},
}

@Article{NSGMicrosoft,
  author  = {Microsoft},
  title   = {Netzwerksicherheitsgruppen},
  date    = {2023-10-27},
  url     =  {https://learn.microsoft.com/de-de/azure/virtual-network/network-security-groups-overview},
  urldate = {2024-02-09},
}

@Article{Trojanerhornet,
  author  = {Hornetsecurity},
  title   = {Trojaner},
  date    = {2023-01-01},
  url     =  {https://www.hornetsecurity.com/de/wissensdatenbank/trojaner/},
  urldate = {2024-02-10},
}